@misc{ wiki:trustedComputing,
   author = "Wikipedia",
   title = "Trusted Computing --- Wikipedia{,} The Free Encyclopedia",
   year = "2014",
   url = "\url{http://en.wikipedia.org/w/index.php?title=Trusted_Computing&oldid=616983027}",
   note = "[Online; accessed 23-July-2014]"
}

@misc{ stress-ng,
   author = "Colin Ian King",
   title = "stress-ng",
   year = "2014",
   url = "\url{http://kernel.ubuntu.com/~cking/stress-ng/}",
}

@misc{ stress-py,
   author = "Waggle Team",
   title = "stress-py",
   year = "2014",
   url = "\url{waggle_website}",
}

@misc{ iperf,
   author = "NLANR/DAST",
   title = "iperf",
   year = "2008",
   url = "\url{https://iperf.fr/}",
}

@misc{ netem,
   author = "",
   title = "netem",
   year = "2008",
   url = "\url{http://www.linuxfoundation.org/collaborate/workgroups/networking/netem}",
}

