@misc{Fundamentals_of_Booting_for_Embedded_Processors,
author = {David Katz and Rick Gentile},
title = {{Fundamentals of Booting for Embedded Processors}},
year = {2009},
publisher = {embedded.com},
howpublished= {http://www.embedded.com/design/mcus-processors-and-socs/4008796/3/Fundamentals-of-Booting-for-Embedded-Processors}
}
@misc{uboot,
author = {'DENX Software Engineering'},
title = {Das U-Boot (Universal Bootloader)},
howpublished = {http://www.denx.de/wiki/U-Boot/WebHome}
}
@misc{barebox,
author = {Sascha Hauer and "the barebox community"},
title = {barebox},
howpublished = {http://www.barebox.org/}
}
@misc{redboot,
author = {eCos},
title = {redboot},
howpublished = {http://ecos.sourceware.org/redboot/}
}
@misc{sd_fusing,
author = {Samsung},
title = {sd card boot fusing script},
howpublished = {https://github.com/hardkernel/u-boot/tree/odroid-v2010.12/sd\_fuse}
}
@misc{uImage-fit,
author = {'DENX Software Engineering'},
title = {uImage and FIT documentation},
howpublished = {http://git.denx.de/cgi-bin/gitweb.cgi?p=u-boot.git;a=tree;f=doc/uImage.FIT}
}
@misc{gentoo:signed_module,
author = {Gentoo Community},
title = {Signed kernel module support},
year = {2014},
howpublished = {http://wiki.gentoo.org/wiki/Signed\_kernel\_module\_support}
}
@misc{wiki:x509,
   author = {Wikipedia},
   title = {X.509 --- Wikipedia{,} The Free Encyclopedia},
   year = {2014},
   url = {http://en.wikipedia.org/w/index.php?title=X.509&oldid=618125326},
   note = {[Online; accessed 14-August-2014]}
 }
@misc{odroid:boot_details,
   author = {Hardkernel},
   title = {Odroid Boot Loader},
   howpublished= {http://odroid.com/dokuwiki/doku.php?id=en:odroid-xu}
 }
@misc{gentoo:ima,
   author = {Gentoo Community},
   title = {Integrity Measurement Architecture},
   howpublished= {https://wiki.gentoo.org/wiki/Integrity\_Measurement\_Architecture}
 }
@misc{gentoo:evm,
   author = {Gentoo Community},
   title = {Extended Verification Module},
   howpublished= {https://wiki.gentoo.org/wiki/Extended\_Verification\_Module}
 }
@misc{linux:ima,
   author = {Linux Community},
   title = {Integrity Measurement Architecture},
   howpublished= {http://sourceforge.net/p/linux-ima/wiki/Home/}
 }
 @misc{ wiki:init,
   author = "Wikipedia",
   title = "Init --- Wikipedia{,} The Free Encyclopedia",
   year = "2014",
   url = "http://en.wikipedia.org/w/index.php?title=Init&oldid=619223837",
   note = "[Online; accessed 14-August-2014]"
 }
@misc{monit,
   author = {Tildeslash Ltd},
   title = {Monit},
   howpublished= {http://mmonit.com/monit/}
 }
